@article{PhysRevE.90.021101,
  title = {Acceleration of particles in imbalanced magnetohydrodynamic turbulence},
  author = {Teaca, Bogdan and Weidl, Martin S. and Jenko, Frank and Schlickeiser, Reinhard},
  journal = {Phys. Rev. E},
  volume = {90},
  issue = {2},
  pages = {021101},
  numpages = {5},
  year = {2014},
  month = {Aug},
  publisher = {American Physical Society},
  doi = {10.1103/PhysRevE.90.021101},
  url = {http://link.aps.org/doi/10.1103/PhysRevE.90.021101}
}
