@article{ refId0,
	author = {{Lange, S.} and {Spanier, F.} and {Battarbee, M.} and {Vainio, R.} and {Laitinen, T.}},
	title = {Particle scattering in turbulent plasmas   with amplified wave modesâ‹†},
	DOI= "10.1051/0004-6361/201220804",
	url= "http://dx.doi.org/10.1051/0004-6361/201220804",
	journal = {A&A},
	year = 2013,
	volume = 553,
	pages = "A129",
	month = "",
}
